<record xmlns="http://www.loc.gov/MARC21/slim" xmlns:xsi="http://www.w3.org/2001/XMLSchema-instance" xsi:schemaLocation="http://www.loc.gov/MARC21/slim http://www.loc.gov/standards/marcxml/schema/MARC21slim.xsd"><leader>00000nz   2200000n  4500</leader><controlfield tag="001">oca03717303 </controlfield><controlfield tag="005">19941110062047.6</controlfield><controlfield tag="008">941102n| acannaab           |a aaa     c</controlfield><datafield ind1=" " ind2=" " tag="010"><subfield code="a">nr 94036795 </subfield></datafield><datafield ind1=" " ind2=" " tag="035"><subfield code="a">(Uk)sb053287</subfield></datafield><datafield ind1=" " ind2=" " tag="040"><subfield code="a">Uk/ESTC-NA</subfield><subfield code="c">ESTC-NA</subfield></datafield><datafield ind1="1" ind2=" " tag="100"><subfield code="a">Gnaphaeus, Gulielmus,</subfield><subfield code="d">1493-1568</subfield></datafield><datafield ind1="1" ind2=" " tag="400"><subfield code="a">Fullonius, Gulielmus,</subfield><subfield code="d">1493-1568</subfield></datafield><datafield ind1="1" ind2=" " tag="400"><subfield code="a">Volder, Willem de,</subfield><subfield code="d">1493-1568</subfield></datafield><datafield ind1="1" ind2=" " tag="400"><subfield code="a">de Volder, Willem,</subfield><subfield code="d">1493-1568</subfield></datafield><datafield ind1="1" ind2=" " tag="400"><subfield code="a">Fullonius, Wylliam,</subfield><subfield code="d">1493-1568</subfield></datafield><datafield ind1="1" ind2=" " tag="400"><subfield code="a">Fullonius, VVylliam,</subfield><subfield code="d">1493-1568</subfield></datafield><datafield ind1="1" ind2=" " tag="400"><subfield code="a">Graphaeus, Wilk.</subfield><subfield code="q">(Willem),</subfield><subfield code="d">1493-1568</subfield></datafield><datafield ind1=" " ind2=" " tag="667"><subfield code="a">Data provided by the ESTC/BL</subfield></datafield><datafield ind1=" " ind2=" " tag="670"><subfield code="a">His Ioannis Palsgraui Londoniensis, ecphrasis Anglica in comoediam Acolasti, 1540:</subfield><subfield code="b">2B4v (VVylliam Fullonius, i.e. Gulielmus Gnaphaeus)</subfield></datafield><datafield ind1=" " ind2=" " tag="670"><subfield code="a">Hyamson, Albert. A dictionary of universal biography, 1951:</subfield><subfield code="b">(Gnaphaeus, Wilk. (de Volder); Dutch philol., 1493-1568)</subfield></datafield><datafield ind1=" " ind2=" " tag="999"><subfield code="a">44</subfield></datafield></record>